@article{ferman2010no,
  title={No childhood advantage in the acquisition of skill in using an artificial language rule},
  author={Ferman, Sara and Karni, Avi},
  journal={PloS one},
  volume={5},
  number={10},
  pages={e13648},
  year={2010},
  publisher={Public Library of Science San Francisco, USA}
}
@article{asher1967learning,
  title={The learning strategy of the total physical response: Some age differences},
  author={Asher, James J and Price, Ben S},
  journal={Child development},
  pages={1219--1227},
  year={1967},
  publisher={JSTOR}
}
@proceedings{JocelynBUCLD,
  title        = {Is it easier for children to learn English if their native language is similar to English?},
  year         = {in press},
  booktitle    = {Proceedings of the 46th Boston University Conference on Language Development},
  author       = {Chan, Jocelyn and Hartshorne, Joshua K},
  publisher    = {Cascadilla Press}
}
@article{krashen1979age,
  title={Age, rate and eventual attainment in second language acquisition},
  author={Krashen, Stephen D and Long, Michael A and Scarcella, Robin C},
  journal={TESOL quarterly},
  pages={573--582},
  year={1979},
  publisher={JSTOR}
}
@article{sebastian2005influence,
  Title={The influence of initial exposure on lexical representation: Comparing early and simultaneous bilinguals},
  author={Sebasti{\'a}n-Gall{\'e}s, N{\'u}ria and Echeverr{\'i}a, Sagrario and Bosch, Laura},
  journal={Journal of Memory and Language},
  volume={52},
  number={2},
  pages={240--255},
  year={2005},
  publisher={Elsevier}
}
@article{vanhove2013critical,
  title={The critical period hypothesis in second language acquisition: A statistical critique and a reanalysis},
  author={Vanhove, Jan},
  journal={PloS one},
  volume={8},
  number={7},
  pages={e69172},
  year={2013},
  publisher={Public Library of Science San Francisco, USA}
}
@article{akaike1974new,
  title={A new look at the statistical model identification},
  author={Akaike, Hirotugu},
  journal={IEEE transactions on automatic control},
  volume={19},
  number={6},
  pages={716--723},
  year={1974},
  publisher={Ieee}
}
@article{birdsong2005nativelikeness,
  title={Nativelikeness and non-nativelikeness in L2A research1},
  author={Birdsong, David},
  journal={IRAL, International Review of Applied Linguistics in Language Teaching},
  volume={43},
  number={4},
  pages={319},
  year={2005},
  publisher={Walter de Gruyter GmbH}
}
@article{wagenmakers2007practical,
  title={A practical solution to the pervasive problems of p values},
  author={Wagenmakers, Eric-Jan},
  journal={Psychonomic bulletin \& review},
  volume={14},
  number={5},
  pages={779--804},
  year={2007},
  publisher={Springer}
}
@article{birdsong2018plasticity,
  title={Plasticity, variability and age in second language acquisition and bilingualism},
  author={Birdsong, David},
  journal={Frontiers in psychology},
  volume={9},
  pages={81},
  year={2018},
  publisher={Frontiers}
}

@article{reetzke2016,
	title = {Effect of Simultaneous Bilingualism on Speech Intelligibility across Different Masker Types, Modalities, and Signal-to-Noise Ratios in School-Age Children},
	author = {{Reetzke}, {Rachel} and {Lam}, {Boji Pak-Wing} and {Xie}, {Zilong} and {Sheng}, {Li} and {Chandrasekaran}, {Bharath}},
	editor = {{Elmer}, {Stefan}},
	year = {2016},
	month = {12},
	date = {2016-12-09},
	journal = {PLOS ONE},
	pages = {e0168048},
	volume = {11},
	number = {12},
	doi = {10.1371/journal.pone.0168048},
	url = {http://dx.doi.org/10.1371/journal.pone.0168048},
	langid = {en}
}

@article{bylund2020,
	title = {Age of acquisition {\textendash} not bilingualism {\textendash} is the primary determinant of less than nativelike L2 ultimate attainment},
	author = {{Bylund}, {Emanuel} and {Hyltenstam}, {Kenneth} and {Abrahamsson}, {Niclas}},
	year = {2020},
	month = {03},
	date = {2020-03-06},
	journal = {Bilingualism: Language and Cognition},
	pages = {18--30},
	volume = {24},
	number = {1},
	doi = {10.1017/s1366728920000188},
	url = {http://dx.doi.org/10.1017/s1366728920000188},
	langid = {en}
}

@article{cook2017,
	title = {Second Language Acquisition},
	author = {{Cook}, {Vivian}},
	year = {2017},
	month = {03},
	date = {2017-03-11},
	journal = {The Handbook of Linguistics},
	pages = {557--581},
	doi = {10.1002/9781119072256.ch27},
	url = {http://dx.doi.org/10.1002/9781119072256.ch27}
}


@misc{lakshmanan2013,
	title = {Bilingual Assessment},
	author = {{Lakshmanan}, {Usha}},
	year = {2013},
	month = {11},
	date = {2013-11-11},
	publisher = {John Wiley & Sons, Inc.},
	pages = {1492--1509},
	doi = {10.1002/9781118411360.wbcla113},
	url = {http://dx.doi.org/10.1002/9781118411360.wbcla113}
}

@article{thordardottir2006,
	title = {Bilingual assessment: Can overall proficiency be estimated from separate measurement of two languages?},
	author = {{Thordardottir}, {Elin} and {Rothenberg}, {Alyssa} and {Rivard}, {Marie-Eve} and {Naves}, {Rebecca}},
	year = {2006},
	month = {01},
	date = {2006-01},
	journal = {Journal of Multilingual Communication Disorders},
	pages = {1--21},
	volume = {4},
	number = {1},
	doi = {10.1080/14769670500215647},
	url = {http://dx.doi.org/10.1080/14769670500215647},
	langid = {en}
}
@article{hartshorne2020massive,
  title={How massive online experiments (MOEs) can illuminate critical and sensitive periods in development},
  author={Hartshorne, Joshua K},
  journal={Current Opinion in Behavioral Sciences},
  volume={36},
  pages={135--143},
  year={2020},
  publisher={Elsevier}
}
@article{flege2019non,
  title={A non-critical period for second-language learning},
  author={Flege, James E},
  journal={A sound approach to language matters: In honor of Ocke-Schwen Bohn, Aarhus University. Open access e-book at Aurhus University Library},
  year={2019}
}
@article{Hernandez2021,
	title = {What does a critical period for second language acquisition mean?: Reflections on Hartshorne et al. (2018)},
	author = {{Hernandez}, {Arturo E.} and {Bodet}, {Jean P.} and {Gehm}, {Kevin} and {Shen}, {Shutian}},
	year = {2021},
	month = {01},
	date = {2021-01},
	journal = {Cognition},
	pages = {104478},
	volume = {206},
	doi = {10.1016/j.cognition.2020.104478},
	url = {http://dx.doi.org/10.1016/j.cognition.2020.104478},
	langid = {en}
}
@article{chen2021more,
  title={More evidence from over 1.1 million subjects that the critical period for syntax closes in late adolescence},
  author={Chen, Tony and Hartshorne, Joshua K},
  journal={Cognition},
  volume={214},
  pages={104706},
  year={2021},
  publisher={Elsevier}
}
@article{Hartshorne2018,
	title = {A critical period for second language acquisition: Evidence from 2/3 million English speakers},
	author = {{Hartshorne, Joshua K. and Tenenbaum, Joshua B.} and Pinker, Steven},
	year = {2018},
	month = {08},
	date = {2018-08},
	journal = {Cognition},
	pages = {263--277},
	volume = {177},
	doi = {10.1016/j.cognition.2018.04.007},
	url = {http://dx.doi.org/10.1016/j.cognition.2018.04.007},
	langid = {en}
}
@book{hume2000enquiry,
  title={An enquiry concerning human understanding: A critical edition},
  author={Hume, David},
  year={1748}
  }

@article{snow1978critical,
  title={The critical period for language acquisition: Evidence from second language learning},
  author={Snow, Catherine E and Hoefnagel-H{\"o}hle, Marian},
  journal={Child development},
  pages={1114--1128},
  year={1978},
  publisher={JSTOR}
}
@article{giguere2020,
	title = {Home language and societal language skills in second-generation bilingual adults},
	author = {{Giguere}, {David} and {Hoff}, {Erika}},
	year = {2020},
	month = {06},
	date = {2020-06-19},
	journal = {International Journal of Bilingualism},
	pages = {1071--1087},
	volume = {24},
	number = {5-6},
	doi = {10.1177/1367006920932221},
	url = {http://dx.doi.org/10.1177/1367006920932221},
	langid = {en}
}

@article{sundara2006production,
  title={Production of coronal stops by simultaneous bilingual adults},
  author={Sundara, Megha and Polka, Linda and Baum, Shari},
  journal={Bilingualism},
  volume={9},
  number={1},
  pages={97},
  year={2006},
  publisher={Citeseer}
}
@article{jaeger2008categorical,
  title={Categorical data analysis: Away from ANOVAs (transformation or not) and towards logit mixed models},
  author={Jaeger, T Florian},
  journal={Journal of memory and language},
  volume={59},
  number={4},
  pages={434--446},
  year={2008},
  publisher={Elsevier}
}
@article{grosjean1997,
	title = {The bilingual individual},
	author = {{Grosjean}, {Francois}},
	year = {1997},
	month = {01},
	date = {1997-01-01},
	journal = {Interpreting. International Journal of Research and Practice in Interpreting},
	pages = {163--187},
	volume = {2},
	number = {1-2},
	doi = {10.1075/intp.2.1-2.07gro},
	url = {http://dx.doi.org/10.1075/intp.2.1-2.07gro},
	langid = {en}
}

@article{cuza2012,
	title = {THE ROLE OF SEMANTIC TRANSFER IN CLITIC DROP AMONG SIMULTANEOUS AND SEQUENTIAL CHINESE-SPANISH BILINGUALS},
	author = {{Cuza}, {Alejandro} and {Pérez-Leroux}, {Ana Teresa} and {Sánchez}, {Liliana}},
	year = {2012},
	month = {12},
	date = {2012-12-21},
	journal = {Studies in Second Language Acquisition},
	pages = {93--125},
	volume = {35},
	number = {1},
	doi = {10.1017/s0272263112000691},
	url = {http://dx.doi.org/10.1017/s0272263112000691},
	langid = {en}
}

@article{kim2015,
	title = {Negative Polarity Items (NPIs) in Heritage Korean},
	author = {{Kim}, {}},
	year = {2015},
	date = {2015},
	journal = {The Korean Language in America},
	pages = {36},
	volume = {19},
	number = {1},
	doi = {10.5325/korelangamer.19.1.0036},
	url = {http://dx.doi.org/10.5325/korelangamer.19.1.0036}
}

@article{montrul2006,
	title = {On the bilingual competence of Spanish heritage speakers: Syntax, lexical-semantics and processing},
	author = {{Montrul}, {Silvina}},
	year = {2006},
	month = {03},
	date = {2006-03},
	journal = {International Journal of Bilingualism},
	pages = {37--69},
	volume = {10},
	number = {1},
	doi = {10.1177/13670069060100010301},
	url = {http://dx.doi.org/10.1177/13670069060100010301},
	langid = {en}
}

@article{rothman2007,
	title = {Heritage speaker competence differences, language change, and input type: Inflected infinitives in Heritage Brazilian Portuguese},
	author = {{Rothman}, {Jason}},
	year = {2007},
	month = {12},
	date = {2007-12},
	journal = {International Journal of Bilingualism},
	pages = {359--389},
	volume = {11},
	number = {4},
	doi = {10.1177/13670069070110040201},
	url = {http://dx.doi.org/10.1177/13670069070110040201},
	langid = {en}
}

@article{grosjean1989,
	title = {Neurolinguists, beware! The bilingual is not two monolinguals in one person},
	author = {{Grosjean}, {François}},
	year = {1989},
	month = {01},
	date = {1989-01},
	journal = {Brain and Language},
	pages = {3--15},
	volume = {36},
	number = {1},
	doi = {10.1016/0093-934x(89)90048-5},
	url = {http://dx.doi.org/10.1016/0093-934x(89)90048-5},
	langid = {en}
}

@inbook{grosjean,
	title = {The Complementarity Principle and its impact on processing, acquisition, and dominance},
	year = {2016},
	author = {{Grosjean}, {François}},
	editor = {{Silva-Corvalan}, {Carmen} and {Treffers-Daller}, {Jeanine}},
	publisher = {Cambridge University Press},
	pages = {66--84},
	doi = {10.1017/cbo9781107375345.004},
	url = {http://dx.doi.org/10.1017/cbo9781107375345.004}
}
@article{hurford1991evolution,
  title={The evolution of the critical period for language acquisition},
  author={Hurford, James R},
  journal={Cognition},
  volume={40},
  number={3},
  pages={159--201},
  year={1991},
  publisher={Elsevier}
}
@article{street2010more,
  title={More individual differences in language attainment: How much do adult native speakers of English know about passives and quantifiers?},
  author={Street, James A and D{\k{a}}browska, Ewa},
  journal={Lingua},
  volume={120},
  number={8},
  pages={2080--2094},
  year={2010},
  publisher={Elsevier}
}

@article{hamburger1984,
	title = {Acquisition of cognitive compiling},
	author = {{Hamburger}, {Henry} and {Crain}, {Stephen}},
	year = {1984},
	month = {07},
	date = {1984-07},
	journal = {Cognition},
	pages = {85--136},
	volume = {17},
	number = {2},
	doi = {10.1016/0010-0277(84)90015-5},
	url = {http://dx.doi.org/10.1016/0010-0277(84)90015-5},
	langid = {en}
}

@article{crain1991,
	title = {Language acquisition in the absence of experience},
	author = {{Crain}, {Stephen}},
	year = {1991},
	month = {12},
	date = {1991-12},
	journal = {Behavioral and Brain Sciences},
	pages = {597--612},
	volume = {14},
	number = {4},
	doi = {10.1017/s0140525x00071491},
	url = {http://dx.doi.org/10.1017/S0140525X00071491},
	langid = {en}
}

@article{wexler1998,
	title = {Very early parameter setting and the unique checking constraint: A new explanation of the optional infinitive stage},
	author = {{Wexler}, {Ken}},
	year = {1998},
	month = {12},
	date = {1998-12},
	journal = {Lingua},
	pages = {23--79},
	volume = {106},
	number = {1-4},
	doi = {10.1016/s0024-3841(98)00029-1},
	url = {http://dx.doi.org/10.1016/S0024-3841(98)00029-1},
	langid = {en}
}

@article{pinker1994language,
  title={The language instinct.},
  author={Pinker, Steven},
  year={1994},
  publisher={William Morrow \& Co}
}

@article{hartshorne2015does,
  title={When does cognitive functioning peak? The asynchronous rise and fall of different cognitive abilities across the life span},
  author={Hartshorne, Joshua K and Germine, Laura T},
  journal={Psychological science},
  volume={26},
  number={4},
  pages={433--443},
  year={2015},
  publisher={Sage Publications Sage CA: Los Angeles, CA}
}
@article{lemmerth2019gender,
  title={Gender processing in simultaneous and successive bilingual children: Cross-linguistic lexical and syntactic influences},
  author={Lemmerth, Natalia and Hopp, Holger},
  journal={Language Acquisition},
  volume={26},
  number={1},
  pages={21--45},
  year={2019},
  publisher={Taylor \& Francis}
}

@article{zipf1935psycho,
  title={The psycho-biology of language.},
  author={Zipf, GK},
  year={1935},
  publisher={Houghton, Mifflin}
}

@article{tillman2015learning,
  title={Learning the language of time: Children’s acquisition of duration words},
  author={Tillman, Katharine A and Barner, David},
  journal={Cognitive psychology},
  volume={78},
  pages={57--77},
  year={2015},
  publisher={Elsevier}
}
@article{carey2000origin,
  title={The origin of concepts},
  author={Carey, Susan},
  journal={Journal of Cognition and Development},
  volume={1},
  number={1},
  pages={37--41},
  year={2000},
  publisher={Taylor \& Francis}
}
@article{van2021critical,
  title={Critical Period Claim Revisited: Reanalysis of Hartshorne, Tenenbaum, and Pinker (2018) Suggests Steady Decline and Learner-Type Differences},
  author={van der Slik, Frans and Schepens, Job and Bongaerts, Theo and van Hout, Roeland},
  journal={Language Learning},
  year={2021},
  publisher={Wiley Online Library}
}
@article{frank2018great,
  title={With great data comes great (theoretical) opportunity},
  author={Frank, Michael C},
  journal={Trends in cognitive sciences},
  volume={22},
  number={8},
  pages={669--671},
  year={2018},
  publisher={Elsevier}
}
@article{snedeker2012disentangling,
  title={Disentangling the effects of cognitive development and linguistic expertise: A longitudinal study of the acquisition of English in internationally-adopted children},
  author={Snedeker, Jesse and Geren, Joy and Shafto, Carissa L},
  journal={Cognitive Psychology},
  volume={65},
  number={1},
  pages={39--76},
  year={2012},
  publisher={Elsevier}
}
@article{mayberry2018rethinking,
  title={Rethinking the critical period for language: New insights into an old question from American Sign Language},
  author={Mayberry, Rachel I and Kluender, Robert},
  journal={Bilingualism: Language and Cognition},
  volume={21},
  number={5},
  pages={886--905},
  year={2018},
  publisher={Cambridge University Press}
}
@article{serratrice2013cross,
  title={Cross-linguistic influence in bilingual development: Determinants and mechanisms},
  author={Serratrice, Ludovica},
  journal={Linguistic Approaches to Bilingualism},
  volume={3},
  number={1},
  pages={3--25},
  year={2013},
  publisher={John Benjamins}
}
@book{henderson2010gospel,
  title={The gospel of the flying spaghetti monster},
  author={Henderson, Bobby},
  year={2010},
  publisher={Villard}
}
@incollection{burnham1998practical,
  title={Practical use of the information-theoretic approach},
  author={Burnham, Kenneth P and Anderson, David R},
  booktitle={Model selection and inference},
  pages={75--117},
  year={1998},
  publisher={Springer}
}